@book{book:sample,
  author    = {Ahmad Surahmad and Bedu Pian Sebedu},
  year      = {2020},
  month     = {Januari},
  pages     = {},
  title     = {Buku Test},
  isbn      = {999-9-999-99999-9},
  journal   = {Judul Jurnal},
  doi       = {99.9999/9-999-99999-9},
  publisher = {Universitas Antah Berantah},
  address   = {Depak}
}

@manual{latex:intro,
  author      = {Jeff Clark},
  year        = {2010},
  month       = {Januari},
  date        = {26},
  title       = {Introduction to \latex},
  url         = {http://frodo.elon.edu/tutorial/tutorial/node3.html},
  lastchecked = {2020-09-12}
}

@misc{latex:source_code_listings,
  author      = {Wikibooks},
  title       = {LaTeX/Source Code Listings},
  year        = {2020},
  month       = {Juni},
  date        = {25},
  url         = {https://en.wikibooks.org/wiki/LaTeX/Source_Code_Listings},
  lastchecked = {2020-09-12}
}
